<?xml version="1.0" encoding="UTF-8"?>
<record xmlns="http://www.loc.gov/MARC21/slim" xmlns:xsi="http://www.w3.org/2001/XMLSchema-instance" xsi:schemaLocation="http://www.loc.gov/MARC21/slim http://www.loc.gov/standards/marcxml/schema/MARC21slim.xsd">
<leader>     cam a2200217 a 4500</leader>
<controlfield tag="001">002823652</controlfield>
<controlfield tag="003">NNU</controlfield>
<controlfield tag="005">20071008185402.0</controlfield>
<controlfield tag="008">870619m19289999le            000 0 ara d</controlfield>
<datafield tag="035" ind1="9" ind2=" ">
<subfield code="a">NYUb10531616</subfield>
</datafield>
<datafield tag="035" ind1=" " ind2=" ">
<subfield code="a">(CStRLIN)NYUG87-B20602</subfield>
</datafield>
<datafield tag="040" ind1=" " ind2=" ">
<subfield code="a">NNU</subfield>
<subfield code="c">NNU</subfield>
</datafield>
<datafield tag="066" ind1=" " ind2=" ">
<subfield code="c">(3</subfield>
</datafield>
<datafield tag="090" ind1=" " ind2=" ">
<subfield code="a">PJ7701.6.T35</subfield>
<subfield code="b">Z6 1928</subfield>
</datafield>
<datafield tag="100" ind1="1" ind2=" ">
<subfield code="a">Aswad, Mulḥim Ibrāhīm</subfield>
<subfield code="6">880-01</subfield>
</datafield>
<datafield tag="245" ind1="1" ind2="0">
<subfield code="6">880-02</subfield>
<subfield code="a">Badr al-tamām fī sharḥ dīwān Abī Tammām /</subfield>
<subfield code="c">Milhim Ibrāhīm al-Aswad.</subfield>
</datafield>
<datafield tag="260" ind1=" " ind2=" ">
<subfield code="6">880-03</subfield>
<subfield code="a">Bayrūt :</subfield>
<subfield code="b">Ilyās Qawzmā,</subfield>
<subfield code="c">1928-</subfield>
</datafield>
<datafield tag="300" ind1=" " ind2=" ">
<subfield code="a">v. ;</subfield>
<subfield code="c">24 cm.</subfield>
</datafield>
<datafield tag="600" ind1="0" ind2="0">
<subfield code="a">Abū Tammām Ḥabīb ibn Aws al-Ṭāʼī,</subfield>
<subfield code="d">fl. 808-842.</subfield>
</datafield>
<datafield tag="880" ind1="1" ind2=" ">
<subfield code="6">100-01/</subfield>
<subfield code="a">أسود، ملحم ابراهيم.</subfield>
</datafield>
<datafield tag="880" ind1="1" ind2="0">
<subfield code="6">245-02/</subfield>
<subfield code="a">بدر التمام في شرح ديوان أبي تمام /</subfield>
<subfield code="c">ملحم ابراهيم الأسود.</subfield>
</datafield>
<datafield tag="880" ind1=" " ind2=" ">
<subfield code="6">260-03/</subfield>
<subfield code="a">بيروت :</subfield>
<subfield code="b">الياس قوزما،</subfield>
<subfield code="c">١٩٢٨-</subfield>
</datafield>
<datafield tag="OWN" ind1=" " ind2=" ">
<subfield code="a">GENERAL</subfield>
</datafield>
<datafield tag="AVA" ind1=" " ind2=" ">
<subfield code="a">NYU50</subfield>
<subfield code="b">BOBST</subfield>
<subfield code="c">Main Collection</subfield>
<subfield code="d">PJ7701.6.T35 Z6 1928</subfield>
<subfield code="e">unavailable</subfield>
<subfield code="t">Unavailable</subfield>
<subfield code="f">1</subfield>
<subfield code="g">1</subfield>
<subfield code="h">Y</subfield>
<subfield code="i">0</subfield>
<subfield code="j">MAIN</subfield>
<subfield code="k">0</subfield>
</datafield>
</record>
